@article{pew2012,
journal={journalism.org},
author={Pew Research Center},
title={Social Media Debate Sentiment Less Critical of Obama than Polls and Press Are},
year={2012},
volume={5 October}
}

@inproceedings{boyd2011social,
  title={Social privacy in networked publics: Teensâ€™ attitudes, practices, and strategies},
  author={boyd, danah and Marwick, Alice},
  booktitle={A Decade in Internet Time: Symposium on the Dynamics of the Internet and Society},
  year={2011}
}

@article{gayo2012wanted,
  title={{I wanted to predict elections with twitter and all I got was this lousy paper: a balanced survey on election prediction using twitter data}},
  author={Gayo-Avello, Daniel},
  journal={arXiv preprint arXiv:1204.6441},
  year=2012,
  publisher={eprint}
}

@inproceedings{gayo2011limits,
  title={Limits of electoral predictions using twitter},
  author={Gayo-Avello, Daniel and Metaxas, Panagiotis T and Mustafaraj, Eni},
  booktitle={Proceedings of the International Conference on Weblogs and Social Media (ICWSM) 2011, July 17},
  volume={21},
  pages={2011},
  year={2011}
}

@inproceedings{huberty2013,
title={Multi-cycle Forecasting of Congressional Elections with Social Media},
author={Huberty, Mark},
booktitle={Proceedings of the 2nd workshop on Politics, Elections, and Data},
pages={23-30},
year={2013},
}

@article{bbc2013brazil,
author={BBC},
title={Brazil data plan aims to keep US spies at bay},
url={http://www.bbc.co.uk/news/technology-24145662},
volume={18 September},
journal={www.bbc.co.uk},
year={2013}
}


@article{bbc2013radical,
author={BBC},
title={NSA 'planned to discredit radicals over web-porn use'},
year={2013},
volume={27 November},
journal={www.bbc.co.uk}
}

@article{lindert2000three,
  title={Three centuries of inequality in Britain and America},
  author={Lindert, Peter H},
  journal={Handbook of income distribution},
  volume={1},
  pages={167--216},
  year={2000},
  publisher={Elsevier}
}

@article{lindert1983reinterpreting,
  title={Reinterpreting Britain's social tables, 1688--1913},
  author={Lindert, Peter H and Williamson, Jeffrey G},
  journal={Explorations in Economic History},
  volume={20},
  number={1},
  pages={94--109},
  year={1983},
  publisher={Academic Press}
}

@article{mehta2013,
title={Commoditizing Data Science},
author={Mehta, Chirag},
journal={CloudAve},
volume={15 February},
year={2013}
}

@article{strasburg2012,
title={Loss Swamps Trading Firm: Knight Capital Searches for Partner as Tab for Computer Glitch Hits \$440 Million},
author={Strasburg, Jenny and Bunge, Jacob},
journal={The Wall Street Journal},
volume={2 August},
year={2012}
}

@article{kopecki2013,
title={JPMorgan Pays \$920 Million to Settle London Whale Probes},
author={Dawn Kopecki},
year={2013},
volume={19 September},
journal={Bloomberg.com}
}

@article{halevy2009unreasonable,
  title={The unreasonable effectiveness of data},
  author={Halevy, Alon and Norvig, Peter and Pereira, Fernando},
  journal={Intelligent Systems, IEEE},
  volume={24},
  number={2},
  pages={8--12},
  year={2009},
  publisher={IEEE}
}

@book{mayer2013big,
  title={Big Data: A Revolution that Will Transform how We Live, Work, and Think},
  author={Mayer-Sch{\"o}nberger, Viktor and Cukier, Kenneth},
  year={2013},
  publisher={Eamon Dolan/Houghton Mifflin Harcourt}
}

@book{mckinsey2011,
title={Big data: The next frontier for innovation, competition, and productivity},
author={James Manyika and Michael Chui and Brad Brown and Jacques Bughin and Richard Dobbs and Charles Roxburgh and Angela Hung Byers},
year=2011,
publisher={Mckinsey \& Company}
}

@article{babcock2013,
title={NSA's Prism Could Cost U.S. Cloud Companies \$45 Billion},
author={Charles Babcock},
journal={Informationweek},
volume={15 August},
year={2013}
}

@article{wired2013a,
author={Ian Steadman},
title={IBM's Watson is better at diagnosing cancer than human doctors},
journal={Wired UK},
year={2013},
volume={11 February}
}

@article{DBLP:journals/corr/abs-1111-4503,
  author    = {Johan Ugander and
               Brian Karrer and
               Lars Backstrom and
               Cameron Marlow},
  title     = {The Anatomy of the Facebook Social Graph},
  journal   = {CoRR},
  volume    = {abs/1111.4503},
  year      = {2011},
  ee        = {http://arxiv.org/abs/1111.4503},
  bibsource = {DBLP, http://dblp.uni-trier.de}
}

@article{breiman2001statistical,
  title={Statistical modeling: The two cultures (with comments and a rejoinder by the author)},
  author={Breiman, Leo},
  journal={Statistical Science},
  volume={16},
  number={3},
  pages={199--231},
  year={2001},
  publisher={Institute of Mathematical Statistics}
}

@article{ginsberg2008detecting,
  title={Detecting influenza epidemics using search engine query data},
  author={Ginsberg, Jeremy and Mohebbi, Matthew H and Patel, Rajan S and Brammer, Lynnette and Smolinski, Mark S and Brilliant, Larry},
  journal={Nature},
  volume={457},
  number={7232},
  pages={1012--1014},
  year={2008},
  publisher={Nature Publishing Group}
}

@article{perlich2008breast,
  title={Breast cancer identification: KDD CUP winner's report},
  author={Perlich, Claudia and Melville, Prem and Liu, Yan and {\'S}wirszcz, Grzegorz and Lawrence, Richard and Rosset, Saharon},
  journal={ACM SIGKDD Explorations Newsletter},
  volume={10},
  number={2},
  pages={39--42},
  year={2008},
  publisher={ACM}
}

@article{cook2011assessing,
  title={Assessing Google flu trends performance in the United States during the 2009 influenza virus A (H1N1) pandemic},
  author={Cook, Samantha and Conrad, Corrie and Fowlkes, Ashley L and Mohebbi, Matthew H},
  journal={PLoS One},
  volume={6},
  number={8},
  pages={e23610},
  year={2011},
  publisher={Public Library of Science}
}

@article{butler2013google,
  title={When Google got flu wrong.},
  author={Butler, Declan},
  journal={Nature},
  volume={494},
  number={7436},
  pages={155},
  year={2013}
}

@article{rao2012,
title={Entrepreneurs are the new labor},
author={Venkatesh Rao},
journal={Forbes.com},
volume={3 September},
year=2012
}

@article{gelman2013,
title={Forecasting elections with non-representative polls},
author={Wang, Wei and Rothschild, David and Goel, Sharad and Gelman, Andrew},
journal={Forthcoming, International Journal of Forecasting},
year={2014}
}

@book{mackenzie2006engine,
  title={An engine, not a camera: How financial models shape markets},
  author={MacKenzie, Donald A},
  year={2006},
  publisher={Mit Press}
}