%% This BibTeX bibliography file was created using BibDesk.
%% http://bibdesk.sourceforge.net/


%% Created for Mark Huberty at 2012-09-30 13:09:33 -0500 

@article{grimmer2013text,
  title={Text as data: The promise and pitfalls of automatic content analysis methods for political texts},
  author={Grimmer, Justin and Stewart, Brandon M},
  journal={Political Analysis},
  volume={21},
  number={3},
  pages={267--297},
  year={2013},
  publisher={SPM-PMSAPSA}
}

@article{wanga2013forecasting,
  title={Forecasting Elections with Non-Representative Polls},
  author={Wang, Wei and Rothschild, David and Goel, Sharad and Gelman, Andrew},
  journal={Submitted to International Journal of Forecasting},
  year={2013}
}

@techreport{beauchamp2013,
title={Predicting and Interpolating State-level Polling using Twitter Textual Data},
author={Beauchamp, Nick},
institution={Northeastern University},
type={Working Paper},
year={2013}
}

@article{poole1985spatial,
  title={A spatial model for legislative roll call analysis},
  author={Poole, Keith T and Rosenthal, Howard},
  journal={American Journal of Political Science},
  pages={357--384},
  year={1985},
  publisher={JSTOR}
}

@inproceedings{barbera2012birds,
  title={Birds of the Same Feather Tweet Together: Bayesian Ideal Point Estimation Using Twitter Data},
  author={Barber{\'a}, Pablo},
  booktitle={APSA 2012 Annual Meeting Paper},
  year={2012}
}

@article{binns2012don,
  title={DON'T FEED THE TROLLS! Managing troublemakers in magazines' online communities},
  author={Binns, Amy},
  journal={Journalism Practice},
  volume={6},
  number={4},
  pages={547--562},
  year={2012},
  publisher={Taylor \& Francis}
}

@article{bond201261,
  title={A 61-million-person experiment in social influence and political mobilization},
  author={Bond, Robert M and Fariss, Christopher J and Jones, Jason J and Kramer, Adam DI and Marlow, Cameron and Settle, Jaime E and Fowler, James H},
  journal={Nature},
  volume={489},
  number={7415},
  pages={295--298},
  year={2012},
  publisher={Nature Publishing Group}
}

@article{broockman2013online,
  title={Do Online Advertisements Increase Political Candidates’ Name Recognition or Favorability? Evidence from Randomized Field Experiments},
  author={Broockman, David E and Green, Donald P},
  journal={Political Behavior},
  pages={1--27},
  year={2013},
  publisher={Springer}
}

@article{scherer2012,
title={Inside the Secret World of the Data Crunchers Who Helped Obama Win},
author={Scherer, Michael},
journal={Time},
volume={7 November},
year={2012}
}

@article{vance2012facebook,
title={Facebook: The Making of 1 Billion Users},
author={Vance, Ashley},
journal={Bloomberg BusinessWeek},
volume={4 October},
year={2012}
}more 

@article{scheufele2007framing,
  title={Framing, agenda setting, and priming: The evolution of three media effects models},
  author={Scheufele, Dietram A and Tewksbury, David},
  journal={Journal of communication},
  volume={57},
  number={1},
  pages={9--20},
  year={2007},
  publisher={Wiley Online Library}
}

@article{scheufele2000agenda,
  title={Agenda-setting, priming, and framing revisited: Another look at cognitive effects of political communication},
  author={Scheufele, Dietram A},
  journal={Mass Communication \& Society},
  volume={3},
  number={2-3},
  pages={297--316},
  year={2000},
  publisher={Taylor \& Francis}
}

@article{Muchnik09082013,
author = {Muchnik, Lev and Aral, Sinan and Taylor, Sean J.}, 
title = {Social Influence Bias: A Randomized Experiment},
volume = {341}, 
number = {6146}, 
pages = {647-651}, 
year = {2013}, 
doi = {10.1126/science.1240466}, 
abstract ={Our society is increasingly relying on the digitized, aggregated opinions of others to make decisions. We therefore designed and analyzed a large-scale randomized experiment on a social news aggregation Web site to investigate whether knowledge of such aggregates distorts decision-making. Prior ratings created significant bias in individual rating behavior, and positive and negative social influences created asymmetric herding effects. Whereas negative social influence inspired users to correct manipulated ratings, positive social influence increased the likelihood of positive ratings by 32% and created accumulating positive herding that increased final ratings by 25% on average. This positive herding was topic-dependent and affected by whether individuals were viewing the opinions of friends or enemies. A mixture of changing opinion and greater turnout under both manipulations together with a natural tendency to up-vote on the site combined to create the herding effects. Such findings will help interpret collective judgment accurately and avoid social influence bias in collective intelligence in the future.}, 
URL = {http://www.sciencemag.org/content/341/6146/647.abstract}, 
eprint = {http://www.sciencemag.org/content/341/6146/647.full.pdf}, 
journal = {Science} 
}

@book{lessig1999code,
  title={Code: And other laws of cyberspace},
  author={Lessig, Lawrence},
  year={1999},
  publisher={Basic Books}
}

%% Saved with string encoding Unicode (UTF-8) 
@inproceedings{owoputi2013improved,
  title={Improved part-of-speech tagging for online conversational text with word clusters},
  author={Owoputi, Olutobi and O’Connor, Brendan and Dyer, Chris and Gimpel, Kevin and Schneider, Nathan and Smith, Noah A},
  booktitle={Proceedings of NAACL-HLT},
  pages={380--390},
  year={2013}
}

@techreport{pennebaker2007development,
  title={The development and psychometric properties of LIWC2007},
  author={Pennebaker, James W and Chung, Cindy K and Ireland, Molly and Gonzales, Amy and Booth, Roger J},
  institution={LIWC. Net},
  type={Technical Report},
  year={2007}
}

@article{levenshus2010online,
  title={Online relationship management in a presidential campaign: A case study of the Obama campaign's management of its Internet-integrated grassroots effort},
  author={Levenshus, Abbey},
  journal={Journal of Public Relations Research},
  volume={22},
  number={3},
  pages={313--335},
  year={2010},
  publisher={Taylor \& Francis}
}

@article{smith2009internet,
  title={The Internet's role in campaign 2008},
  author={Smith, Aaron},
  journal={Pew Internet \& American Life Project},
  volume={15},
  year={2009},
  publisher={Pew Internet \& American Life Project}
}

@article{wallsten2010yes,
  title={“Yes we can”: How online viewership, blog discussion, campaign statements, and mainstream media coverage produced a viral video phenomenon},
  author={Wallsten, Kevin},
  journal={Journal of Information Technology \& Politics},
  volume={7},
  number={2-3},
  pages={163--181},
  year={2010},
  publisher={Taylor \& Francis}
}

@techreport{stephens2013cost,
  title={The Cost of Racial Animus on a Black Presidential Candidate: Using Google Search Data to Find What Surveys Miss},
  author={Stephens-Davidowitz, Seth},
  year={2013},
institution={Harvard University},
type={Working Paper}

}

@article{hill2012,
title={How Target Figured Out A Teen Girl Was Pregnant Before Her Father Did},
author={Kashmir Hill},
journal={Forbes.com},
volume={16 February},
year={2012}
}

@inproceedings{41763,
title = {Google Disease Trends:  an update},
author  = {Patrick Copeland and Raquel Romano and Tom Zhang and Greg Hecht and Dan Zigmond and Christian Stefansen},
year  = 2013,
booktitle = {International Society of Neglected Tropical Diseases 2013},
pages = {3}
}

@book{mackenzie2006engine,
  title={An engine, not a camera [electronic resource]: how financial models shape markets},
  author={MacKenzie, Donald A},
  year={2006},
  publisher={Mit Press}
}

@inproceedings{huberty2013twitter,
title={Multi-cycle forecasting of Congressional elections with social media},
author={Huberty, Mark},
booktitle={Workshop on Politics, Elections, and Data (PLEAD) 2013},
year={2013}
}

@book{williamson2011tea,
  title={The Tea Party and the remaking of Republican conservatism},
  author={Williamson, Vanessa and Skocpol, Theda and Coggin, John},
  year={2011},
  publisher={Cambridge Univ Press}
}

@article{tweney2012hedge,
title={Twitter-fueled hedge fund bit the dust, but it actually worked},
author={Tweney, Dylan},
journal={VentureBeat},
year={2012},
}

@article{mackintosh2013,
title={Traders tap Twitter for top stock tips},
author={Mackintosh, James},
journal={The Financial Times},
volume={11 October},
year=[2013]
}

@article{zhang2011predicting,
  title={Predicting stock market indicators through twitter “I hope it is not as bad as I fear”},
  author={Zhang, Xue and Fuehres, Hauke and Gloor, Peter A},
  journal={Procedia-Social and Behavioral Sciences},
  volume={26},
  pages={55--62},
  year={2011},
  publisher={Elsevier}
}

@article{bollen2011twitter,
  title={Twitter mood predicts the stock market},
  author={Bollen, Johan and Mao, Huina and Zeng, Xiaojun},
  journal={Journal of Computational Science},
  volume={2},
  number={1},
  pages={1--8},
  year={2011},
  publisher={Elsevier}
}

@article{heit2010opposite,
  title={The opposite of republican: polarization and political categorization},
  author={Heit, Evan and Nicholson, Stephen P},
  journal={Cognitive science},
  volume={34},
  number={8},
  pages={1503--1516},
  year={2010},
  publisher={Wiley Online Library}
}

@inproceedings{vsckilters2012pragmatics,
  title={The pragmatics of political messages in Twitter communication},
  author={{\v{S}}{\c{k}}ilters, Jurǵis and Kreile, Monika and Boj{\=a}rs, Uldis and Brik{\v{s}}e, Inta and Pencis, J{\=a}nis and Uzule, Laura},
  booktitle={The Semantic Web: ESWC 2011 Workshops},
  pages={100--111},
  year={2012},
  organization={Springer}
}


@article{wilson2012review,
  title={A review of Facebook research in the social sciences},
  author={Wilson, Robert E and Gosling, Samuel D and Graham, Lindsay T},
  journal={Perspectives on Psychological Science},
  volume={7},
  number={3},
  pages={203--220},
  year={2012},
  publisher={Sage Publications}
}

@incollection{weiss2013comparative,
  title={A comparative study of social media and traditional polling in the egyptian uprising of 2011},
  author={Weiss, Lora and Briscoe, Erica and Hayes, Heather and Kemenova, Olga and Harbert, Sim and Li, Fuxin and Lebanon, Guy and Stewart, Chris and Steiger, Darby Miller and Foy, Dan},
  booktitle={Social Computing, Behavioral-Cultural Modeling and Prediction},
  pages={303--310},
  year={2013},
  publisher={Springer}
}

@article{viera2013mail,
  title={Mail as an Alternative to Random-Digit Dial in a Survey of Young Adults},
  author={Viera, Luciano and Medway, Rebecca L and Turner, Scott R and Marsh, Sean M},
  journal={Survey Practice},
  volume={4},
  number={1},
  year={2013}
}

@article{boyle2013sampling,
  title={Sampling Cell Phone Only Households: A Comparison of Demographic and Behavioral Characteristics from ABS and Cell Phone Samples},
  author={Boyle, John and Fleeman, Anna and Kennedy, Courtney and Lewis, Faith and Weiss, Andy},
  journal={Survey Practice},
  volume={5},
  number={1},
  year={2013}
}

@article{blumberg2012wireless,
  title={Wireless Substitution: State-level Estimates From the National Health Interview Survey, 2010--2011},
  author={Blumberg, Stephen J and Luke, Julian V and Ganesh, Nadarajasundaram and Davern, Michael E and Boudreaux, Michel H},
  journal={National Health Statistics Reports},
  volume={61},
  year={2012}
}

@techreport{kohut2012assessing,
  title={Assessing the Representativeness of Public Opinion Surveys. Pew Research Center for the People \& the Press. May 15, 2012},
  author={Kohut, A and Keeter, S and Doherty, C and Dimock, M and Christian, L},
  year={2012},
  instituion={The Pew Research Center},
  type={Technical Report}
}

@article{keeter2006gauging,
  title={Gauging the impact of growing nonresponse on estimates from a national RDD telephone survey},
  author={Keeter, Scott and Kennedy, Courtney and Dimock, Michael and Best, Jonathan and Craighill, Peyton},
  journal={Public Opinion Quarterly},
  volume={70},
  number={5},
  pages={759--779},
  year={2006},
  publisher={AAPOR}
}

@techreport{christian2010assessing,
  title={Assessing the cell phone challenge to survey research in 2010},
  author={Christian, Leah and Keeter, Scott and Purcell, Kristen and Smith, Aaron},
  institution={The Pew Research Center},
  type={Technical Report},
  year={2010}
}


@inproceedings{conover2011,
	Author = {M. D. Conover and J. Ratkiewicz and M. Francisco and B. Goncalves and A. Flammini and F. Menczer},
	Booktitle = {Proceedings of the Fifth International AAAI Conference on Weblogs and Social Media},
	Date-Added = {2011-10-11 20:24:53 -0700},
	Date-Modified = {2011-10-11 20:26:01 -0700},
	Title = {Political Polarization on Twitter},
	Year = {2011},
	Bdsk-File-1 = {YnBsaXN0MDDUAQIDBAUGCQpYJHZlcnNpb25UJHRvcFkkYXJjaGl2ZXJYJG9iamVjdHMSAAGGoNEHCFRyb290gAFfEA9OU0tleWVkQXJjaGl2ZXKoCwwXGBkdJCVVJG51bGzTDQ4PEBEUViRjbGFzc1dOUy5rZXlzWk5TLm9iamVjdHOAB6ISE4ACgAOiFRaABIAGWWFsaWFzRGF0YVxyZWxhdGl2ZVBhdGjSDRobHFdOUy5kYXRhgAVPEQFQAAAAAAFQAAIAAARNQUlOAAAAAAAAAAAAAAAAAAAAAAAAAAAAAADKEuL4SCsAAAAEr+4XMjg0Ny0xNDIxMS0xLVBCICgyKS5wZGYAAAAAAAAAAAAAAAAAAAAAAAAAAAAAAAAAAAAAAAAAAAAAAAAAAAAAAJyFo8q6IN0AAAAAAAAAAAABAAIAAAkgAAAAAAAAAAAAAAAAAAAABGJpYnMAEAAIAADKEylIAAAAEQAIAADKumctAAAAAQAEAASv7gACACFNQUlOOmJpYnM6Mjg0Ny0xNDIxMS0xLVBCICgyKS5wZGYAAA4AMAAXADIAOAA0ADcALQAxADQAMgAxADEALQAxAC0AUABCACAAKAAyACkALgBwAGQAZgAPAAoABABNAEEASQBOABIAHGJpYnMvMjg0Ny0xNDIxMS0xLVBCICgyKS5wZGYAEwABLwD//wAA0h4fICFYJGNsYXNzZXNaJGNsYXNzbmFtZaMhIiNdTlNNdXRhYmxlRGF0YVZOU0RhdGFYTlNPYmplY3RfEBcyODQ3LTE0MjExLTEtUEIgKDIpLnBkZtIeHyYnoicjXE5TRGljdGlvbmFyeQAIABEAGgAfACkAMgA3ADoAPwBBAFMAXABiAGkAcAB4AIMAhQCIAIoAjACPAJEAkwCdAKoArwC3ALkCDQISAhsCJgIqAjgCPwJIAmICZwJqAAAAAAAAAgEAAAAAAAAAKAAAAAAAAAAAAAAAAAAAAnc=}}

@inproceedings{blei2006dynamic,
	Author = {Blei, D.M. and Lafferty, J.D.},
	Booktitle = {Proceedings of the 23rd international conference on Machine learning},
	Date-Added = {2011-10-10 15:19:11 -0700},
	Date-Modified = {2011-10-10 15:19:11 -0700},
	Organization = {ACM},
	Pages = {113--120},
	Title = {Dynamic topic models},
	Year = {2006}}

@article{blei2003latent,
	Author = {Blei, D.M. and Ng, A.Y. and Jordan, M.I.},
	Date-Added = {2011-10-10 15:19:00 -0700},
	Date-Modified = {2011-10-10 15:19:00 -0700},
	Journal = {The Journal of Machine Learning Research},
	Pages = {993--1022},
	Publisher = {JMLR. org},
	Title = {Latent dirichlet allocation},
	Volume = {3},
	Year = {2003},
	Bdsk-File-1 = {YnBsaXN0MDDUAQIDBAUGCQpYJHZlcnNpb25UJHRvcFkkYXJjaGl2ZXJYJG9iamVjdHMSAAGGoNEHCFRyb290gAFfEA9OU0tleWVkQXJjaGl2ZXKoCwwXGBkdJCVVJG51bGzTDQ4PEBEUViRjbGFzc1dOUy5rZXlzWk5TLm9iamVjdHOAB6ISE4ACgAOiFRaABIAGWWFsaWFzRGF0YVxyZWxhdGl2ZVBhdGjSDRobHFdOUy5kYXRhgAVPEQFEAAAAAAFEAAIAAARNQUlOAAAAAAAAAAAAAAAAAAAAAAAAAAAAAADKEuL4SCsAAAAEr+4UQmxlaU5nSm9yZGFuMjAwMy5wZGYAAAAAAAAAAAAAAAAAAAAAAAAAAAAAAAAAAAAAAAAAAAAAAAAAAAAAAAAAALvGlMrWQZVQREYgAAAAAAABAAIAAAkgAAAAAAAAAAAAAAAAAAAABGJpYnMAEAAIAADKEylIAAAAEQAIAADK1oflAAAAAQAEAASv7gACAB5NQUlOOmJpYnM6QmxlaU5nSm9yZGFuMjAwMy5wZGYADgAqABQAQgBsAGUAaQBOAGcASgBvAHIAZABhAG4AMgAwADAAMwAuAHAAZABmAA8ACgAEAE0AQQBJAE4AEgAZYmlicy9CbGVpTmdKb3JkYW4yMDAzLnBkZgAAEwABLwD//wAA0h4fICFYJGNsYXNzZXNaJGNsYXNzbmFtZaMhIiNdTlNNdXRhYmxlRGF0YVZOU0RhdGFYTlNPYmplY3RfEBRCbGVpTmdKb3JkYW4yMDAzLnBkZtIeHyYnoicjXE5TRGljdGlvbmFyeQAIABEAGgAfACkAMgA3ADoAPwBBAFMAXABiAGkAcAB4AIMAhQCIAIoAjACPAJEAkwCdAKoArwC3ALkCAQIGAg8CGgIeAiwCMwI8AlMCWAJbAAAAAAAAAgEAAAAAAAAAKAAAAAAAAAAAAAAAAAAAAmg=}}

@article{blei2006correlated,
	Author = {Blei, D. and Lafferty, J.},
	Date-Added = {2011-10-10 15:18:44 -0700},
	Date-Modified = {2011-10-10 15:18:44 -0700},
	Journal = {Advances in neural information processing systems},
	Pages = {147},
	Publisher = {Citeseer},
	Title = {Correlated topic models},
	Volume = {18},
	Year = {2006}}

@article{van2007super,
	Author = {Van Der Laan, M.J. and Polley, E.C. and Hubbard, A.E.},
	Date-Added = {2011-05-11 10:37:31 -0700},
	Date-Modified = {2011-05-11 10:38:04 -0700},
	Issn = {1544-6115},
	Journal = {Statistical applications in genetics and molecular biology},
	Number = {1},
	Pages = {25},
	Publisher = {bepress},
	Title = {{Super learner}},
	Volume = {6},
	Year = {2007},
	Bdsk-File-1 = {YnBsaXN0MDDUAQIDBAUGCQpYJHZlcnNpb25UJHRvcFkkYXJjaGl2ZXJYJG9iamVjdHMSAAGGoNEHCFRyb290gAFfEA9OU0tleWVkQXJjaGl2ZXKoCwwXGBkdJCVVJG51bGzTDQ4PEBEUViRjbGFzc1dOUy5rZXlzWk5TLm9iamVjdHOAB6ISE4ACgAOiFRaABIAGWWFsaWFzRGF0YVxyZWxhdGl2ZVBhdGjSDRobHFdOUy5kYXRhgAVPEQE4AAAAAAE4AAIAAARNQUlOAAAAAAAAAAAAAAAAAAAAAAAAAAAAAADKEuL4SCsAAAAEr+4RU3VwZXIgTGVhcm5lci5wZGYAAAAAAAAAAAAAAAAAAAAAAAAAAAAAAAAAAAAAAAAAAAAAAAAAAAAAAAAAAAAAAAS3ccnveFYAAAAAAAAAAAABAAIAAAkgAAAAAAAAAAAAAAAAAAAABGJpYnMAEAAIAADKEylIAAAAEQAIAADJ776mAAAAAQAEAASv7gACABtNQUlOOmJpYnM6U3VwZXIgTGVhcm5lci5wZGYAAA4AJAARAFMAdQBwAGUAcgAgAEwAZQBhAHIAbgBlAHIALgBwAGQAZgAPAAoABABNAEEASQBOABIAFmJpYnMvU3VwZXIgTGVhcm5lci5wZGYAEwABLwD//wAA0h4fICFYJGNsYXNzZXNaJGNsYXNzbmFtZaMhIiNdTlNNdXRhYmxlRGF0YVZOU0RhdGFYTlNPYmplY3RfEBFTdXBlciBMZWFybmVyLnBkZtIeHyYnoicjXE5TRGljdGlvbmFyeQAIABEAGgAfACkAMgA3ADoAPwBBAFMAXABiAGkAcAB4AIMAhQCIAIoAjACPAJEAkwCdAKoArwC3ALkB9QH6AgMCDgISAiACJwIwAkQCSQJMAAAAAAAAAgEAAAAAAAAAKAAAAAAAAAAAAAAAAAAAAlk=}}

@conference{eisenstein2010latent,
	Author = {Eisenstein, J. and O'Connor, B. and Smith, N.A. and Xing, E.P.},
	Booktitle = {Proceedings of the 2010 Conference on Empirical Methods in Natural Language Processing},
	Date-Added = {2011-05-04 14:05:50 -0700},
	Date-Modified = {2011-05-04 14:05:50 -0700},
	Organization = {Association for Computational Linguistics},
	Pages = {1277--1287},
	Title = {{A latent variable model for geographic lexical variation}},
	Year = {2010}}

@article{nyt2011twitter,
	Author = {David Kirkpatrick},
	Date-Added = {2011-04-18 17:14:10 -0700},
	Date-Modified = {2011-04-18 17:14:48 -0700},
	Journal = {The New York Times},
	Number = {A6},
	Title = {Tunisia's Inner Workings Emerge on Twitter},
	Volume = {22 January},
	Year = {2011}}

@article{nyt2009twitter,
	Author = {Brad Stone and Noam Cohen},
	Date-Added = {2011-04-18 17:06:31 -0700},
	Date-Modified = {2011-04-18 17:06:31 -0700},
	Journal = {The New York Times},
	Pages = {A11},
	Title = {Social Networks Spread Defiance Online},
	Volume = {15 June},
	Year = {2009}}

@techreport{superpc2004,
	Address = {Stanford, California},
	Author = {Eric Bair and Trevor Hastie and Debashis Paul and Robert Tibshirani},
	Date-Added = {2011-02-14 11:45:23 -0800},
	Date-Modified = {2011-02-14 11:47:04 -0800},
	Institution = {Department of Statistics, Stanford University},
	Month = {September},
	Title = {Prediction by supervised principal components},
	Type = {Technical Report},
	Year = {2004},
	Bdsk-File-1 = {YnBsaXN0MDDUAQIDBAUGCQpYJHZlcnNpb25UJHRvcFkkYXJjaGl2ZXJYJG9iamVjdHMSAAGGoNEHCFRyb290gAFfEA9OU0tleWVkQXJjaGl2ZXKoCwwXGBkdJCVVJG51bGzTDQ4PEBEUViRjbGFzc1dOUy5rZXlzWk5TLm9iamVjdHOAB6ISE4ACgAOiFRaABIAGWWFsaWFzRGF0YVxyZWxhdGl2ZVBhdGjSDRobHFdOUy5kYXRhgAVPEQEUAAAAAAEUAAIAAARNQUlOAAAAAAAAAAAAAAAAAAAAAAAAAAAAAADKEuL4SCsAAAAEr+4Ic3BjYS5wZGYAAAAAAAAAAAAAAAAAAAAAAAAAAAAAAAAAAAAAAAAAAAAAAAAAAAAAAAAAAAAAAAAAAAAAAAAAAAS3Zcl+4mIAAAAAAAAAAAABAAIAAAkgAAAAAAAAAAAAAAAAAAAABGJpYnMAEAAIAADKEylIAAAAEQAIAADJfzbCAAAAAQAEAASv7gACABJNQUlOOmJpYnM6c3BjYS5wZGYADgASAAgAcwBwAGMAYQAuAHAAZABmAA8ACgAEAE0AQQBJAE4AEgANYmlicy9zcGNhLnBkZgAAEwABLwD//wAA0h4fICFYJGNsYXNzZXNaJGNsYXNzbmFtZaMhIiNdTlNNdXRhYmxlRGF0YVZOU0RhdGFYTlNPYmplY3RYc3BjYS5wZGbSHh8mJ6InI1xOU0RpY3Rpb25hcnkACAARABoAHwApADIANwA6AD8AQQBTAFwAYgBpAHAAeACDAIUAiACKAIwAjwCRAJMAnQCqAK8AtwC5AdEB1gHfAeoB7gH8AgMCDAIVAhoCHQAAAAAAAAIBAAAAAAAAACgAAAAAAAAAAAAAAAAAAAIq}}

@article{bafumi2007forecasting,
	Author = {Bafumi, J. and Erikson, R.S. and Wlezien, C.},
	Date-Added = {2011-02-14 07:53:43 -0800},
	Date-Modified = {2011-02-14 07:53:43 -0800},
	Journal = {Legislative Studies Section Newsletter},
	Number = {1},
	Title = {{Forecasting House Seats from Generic Congressional Polls}},
	Volume = {30},
	Year = {2007},
	Bdsk-File-1 = {YnBsaXN0MDDUAQIDBAUGCQpYJHZlcnNpb25UJHRvcFkkYXJjaGl2ZXJYJG9iamVjdHMSAAGGoNEHCFRyb290gAFfEA9OU0tleWVkQXJjaGl2ZXKoCwwXGBkdJCVVJG51bGzTDQ4PEBEUViRjbGFzc1dOUy5rZXlzWk5TLm9iamVjdHOAB6ISE4ACgAOiFRaABIAGWWFsaWFzRGF0YVxyZWxhdGl2ZVBhdGjSDRobHFdOUy5kYXRhgAVPEQFMAAAAAAFMAAIAAARNQUlOAAAAAAAAAAAAAAAAAAAAAAAAAAAAAADKEuL4SCsAAAAEr+4WUzEwNDkwOTY1MTAwMDEwNlhhLnBkZgAAAAAAAAAAAAAAAAAAAAAAAAAAAAAAAAAAAAAAAAAAAAAAAAAAAAAAAAS3Hsl+qfcAAAAAAAAAAAABAAIAAAkgAAAAAAAAAAAAAAAAAAAABGJpYnMAEAAIAADKEylIAAAAEQAIAADJfv5XAAAAAQAEAASv7gACACBNQUlOOmJpYnM6UzEwNDkwOTY1MTAwMDEwNlhhLnBkZgAOAC4AFgBTADEAMAA0ADkAMAA5ADYANQAxADAAMAAwADEAMAA2AFgAYQAuAHAAZABmAA8ACgAEAE0AQQBJAE4AEgAbYmlicy9TMTA0OTA5NjUxMDAwMTA2WGEucGRmAAATAAEvAP//AADSHh8gIVgkY2xhc3Nlc1okY2xhc3NuYW1loyEiI11OU011dGFibGVEYXRhVk5TRGF0YVhOU09iamVjdF8QFlMxMDQ5MDk2NTEwMDAxMDZYYS5wZGbSHh8mJ6InI1xOU0RpY3Rpb25hcnkACAARABoAHwApADIANwA6AD8AQQBTAFwAYgBpAHAAeACDAIUAiACKAIwAjwCRAJMAnQCqAK8AtwC5AgkCDgIXAiICJgI0AjsCRAJdAmICZQAAAAAAAAIBAAAAAAAAACgAAAAAAAAAAAAAAAAAAAJy}}

@article{gawker2007,
	Author = {Nick Douglass},
	Date-Added = {2011-01-26 19:06:01 +0100},
	Date-Modified = {2011-01-26 19:07:06 +0100},
	Journal = {Gawker.com},
	Title = {Twitter blows up at SXSW Conference},
	Volume = {March 12},
	Year = {2007}}

@techreport{choi2009predicting,
	Author = {Choi, H. and Varian, H.},
	Date-Added = {2011-01-26 18:54:59 +0100},
	Date-Modified = {2011-01-26 18:55:22 +0100},
	Institution = {Google, Inc.},
	Journal = {Google Inc},
	Title = {{Predicting initial claims for unemployment benefits}},
	Type = {Working Paper},
	Year = {2009}}

@techreport{choipredicting,
	Address = {Mountain View, CA},
	Author = {Choi, H. and Varian, H.R.},
	Date-Added = {2011-01-26 18:53:45 +0100},
	Date-Modified = {2011-01-26 18:54:22 +0100},
	Institution = {Google, Inc.},
	Month = {April},
	Title = {{Predicting the present with Google trends}},
	Type = {Working Paper},
	Year = {2009}}

@article{ginsberg2008detecting,
	Author = {Ginsberg, J. and Mohebbi, M.H. and Patel, R.S. and Brammer, L. and Smolinski, M.S. and Brilliant, L.},
	Date-Added = {2011-01-26 18:48:56 +0100},
	Date-Modified = {2011-01-26 18:48:56 +0100},
	Journal = {Nature},
	Number = {7232},
	Pages = {1012--1014},
	Publisher = {Nature Publishing Group},
	Title = {{Detecting influenza epidemics using search engine query data}},
	Volume = {457},
	Year = {2008}}

@article{laver2003extracting,
	Author = {Laver, M. and Benoit, K. and Garry, J.},
	Date-Added = {2011-01-25 15:30:38 +0100},
	Date-Modified = {2011-01-25 15:30:38 +0100},
	Issn = {0003-0554},
	Journal = {American Political Science Review},
	Number = {02},
	Pages = {311--331},
	Publisher = {Cambridge Univ Press},
	Title = {{Extracting policy positions from political texts using words as data}},
	Volume = {97},
	Year = {2003},
	Bdsk-File-1 = {YnBsaXN0MDDUAQIDBAUGCQpYJHZlcnNpb25UJHRvcFkkYXJjaGl2ZXJYJG9iamVjdHMSAAGGoNEHCFRyb290gAFfEA9OU0tleWVkQXJjaGl2ZXKoCwwXGBkdJCVVJG51bGzTDQ4PEBEUViRjbGFzc1dOUy5rZXlzWk5TLm9iamVjdHOAB6ISE4ACgAOiFRaABIAGWWFsaWFzRGF0YVxyZWxhdGl2ZVBhdGjSDRobHFdOUy5kYXRhgAVPEQFMAAAAAAFMAAIAAARNQUlOAAAAAAAAAAAAAAAAAAAAAAAAAAAAAADKEuL4SCsAAAAEr+4WUzAwMDMwNTU0MDMwMDA2OThhLnBkZgAAAAAAAAAAAAAAAAAAAAAAAAAAAAAAAAAAAAAAAAAAAAAAAAAAAAAAAAS3GslkOvsAAAAAAAAAAAABAAIAAAkgAAAAAAAAAAAAAAAAAAAABGJpYnMAEAAIAADKEylIAAAAEQAIAADJZI9bAAAAAQAEAASv7gACACBNQUlOOmJpYnM6UzAwMDMwNTU0MDMwMDA2OThhLnBkZgAOAC4AFgBTADAAMAAwADMAMAA1ADUANAAwADMAMAAwADAANgA5ADgAYQAuAHAAZABmAA8ACgAEAE0AQQBJAE4AEgAbYmlicy9TMDAwMzA1NTQwMzAwMDY5OGEucGRmAAATAAEvAP//AADSHh8gIVgkY2xhc3Nlc1okY2xhc3NuYW1loyEiI11OU011dGFibGVEYXRhVk5TRGF0YVhOU09iamVjdF8QFlMwMDAzMDU1NDAzMDAwNjk4YS5wZGbSHh8mJ6InI1xOU0RpY3Rpb25hcnkACAARABoAHwApADIANwA6AD8AQQBTAFwAYgBpAHAAeACDAIUAiACKAIwAjwCRAJMAnQCqAK8AtwC5AgkCDgIXAiICJgI0AjsCRAJdAmICZQAAAAAAAAIBAAAAAAAAACgAAAAAAAAAAAAAAAAAAAJy}}

@article{martin2008robust,
	Author = {Martin, L.W. and Vanberg, G.},
	Date-Added = {2011-01-25 15:29:54 +0100},
	Date-Modified = {2011-01-25 15:29:54 +0100},
	Issn = {1047-1987},
	Journal = {Political Analysis},
	Number = {1},
	Pages = {93},
	Publisher = {SPM-PMSAPSA},
	Title = {{A robust transformation procedure for interpreting political text}},
	Volume = {16},
	Year = {2008},
	Bdsk-File-1 = {YnBsaXN0MDDUAQIDBAUGCQpYJHZlcnNpb25UJHRvcFkkYXJjaGl2ZXJYJG9iamVjdHMSAAGGoNEHCFRyb290gAFfEA9OU0tleWVkQXJjaGl2ZXKoCwwXGBkdJCVVJG51bGzTDQ4PEBEUViRjbGFzc1dOUy5rZXlzWk5TLm9iamVjdHOAB6ISE4ACgAOiFRaABIAGWWFsaWFzRGF0YVxyZWxhdGl2ZVBhdGjSDRobHFdOUy5kYXRhgAVPEQGOAAAAAAGOAAIAAARNQUlOAAAAAAAAAAAAAAAAAAAAAAAAAAAAAADKEuL4SCsAAAAEr+4fUG9saXRpY2FsIEFuYWx5c2lzLTIwIzRCNkY1LnBkZgAAAAAAAAAAAAAAAAAAAAAAAAAAAAAAAAAAAAAAAAAAAAS29clkNhoAAAAAAAAAAAABAAIAAAkgAAAAAAAAAAAAAAAAAAAABGJpYnMAEAAIAADKEylIAAAAEQAIAADJZIp6AAAAAQAEAASv7gACAClNQUlOOmJpYnM6UG9saXRpY2FsIEFuYWx5c2lzLTIwIzRCNkY1LnBkZgAADgBUACkAUABvAGwAaQB0AGkAYwBhAGwAIABBAG4AYQBsAHkAcwBpAHMALQAyADAAMAA4AC0ATQBhAHIAdABpAG4ALQA5ADMALQAxADAAMAAuAHAAZABmAA8ACgAEAE0AQQBJAE4AEgAuYmlicy9Qb2xpdGljYWwgQW5hbHlzaXMtMjAwOC1NYXJ0aW4tOTMtMTAwLnBkZgATAAEvAP//AADSHh8gIVgkY2xhc3Nlc1okY2xhc3NuYW1loyEiI11OU011dGFibGVEYXRhVk5TRGF0YVhOU09iamVjdF8QKVBvbGl0aWNhbCBBbmFseXNpcy0yMDA4LU1hcnRpbi05My0xMDAucGRm0h4fJieiJyNcTlNEaWN0aW9uYXJ5AAgAEQAaAB8AKQAyADcAOgA/AEEAUwBcAGIAaQBwAHgAgwCFAIgAigCMAI8AkQCTAJ0AqgCvALcAuQJLAlACWQJkAmgCdgJ9AoYCsgK3AroAAAAAAAACAQAAAAAAAAAoAAAAAAAAAAAAAAAAAAACxw==}}

@article{lowe2008understanding,
	Author = {Lowe, W.},
	Date-Added = {2011-01-25 15:29:19 +0100},
	Date-Modified = {2011-01-25 15:29:19 +0100},
	Issn = {1047-1987},
	Journal = {Political Analysis},
	Number = {4},
	Pages = {356},
	Publisher = {SPM-PMSAPSA},
	Title = {{Understanding Wordscores}},
	Volume = {16},
	Year = {2008},
	Bdsk-File-1 = {YnBsaXN0MDDUAQIDBAUGCQpYJHZlcnNpb25UJHRvcFkkYXJjaGl2ZXJYJG9iamVjdHMSAAGGoNEHCFRyb290gAFfEA9OU0tleWVkQXJjaGl2ZXKoCwwXGBkdJCVVJG51bGzTDQ4PEBEUViRjbGFzc1dOUy5rZXlzWk5TLm9iamVjdHOAB6ISE4ACgAOiFRaABIAGWWFsaWFzRGF0YVxyZWxhdGl2ZVBhdGjSDRobHFdOUy5kYXRhgAVPEQGIAAAAAAGIAAIAAARNQUlOAAAAAAAAAAAAAAAAAAAAAAAAAAAAAADKEuL4SCsAAAAEr+4fUG9saXRpY2FsIEFuYWx5c2lzLTIwIzRCNkY0LnBkZgAAAAAAAAAAAAAAAAAAAAAAAAAAAAAAAAAAAAAAAAAAAAS29MlkNmQAAAAAAAAAAAABAAIAAAkgAAAAAAAAAAAAAAAAAAAABGJpYnMAEAAIAADKEylIAAAAEQAIAADJZIrEAAAAAQAEAASv7gACAClNQUlOOmJpYnM6UG9saXRpY2FsIEFuYWx5c2lzLTIwIzRCNkY0LnBkZgAADgBQACcAUABvAGwAaQB0AGkAYwBhAGwAIABBAG4AYQBsAHkAcwBpAHMALQAyADAAMAA4AC0ATABvAHcAZQAtADMANQA2AC0ANwAxAC4AcABkAGYADwAKAAQATQBBAEkATgASACxiaWJzL1BvbGl0aWNhbCBBbmFseXNpcy0yMDA4LUxvd2UtMzU2LTcxLnBkZgATAAEvAP//AADSHh8gIVgkY2xhc3Nlc1okY2xhc3NuYW1loyEiI11OU011dGFibGVEYXRhVk5TRGF0YVhOU09iamVjdF8QJ1BvbGl0aWNhbCBBbmFseXNpcy0yMDA4LUxvd2UtMzU2LTcxLnBkZtIeHyYnoicjXE5TRGljdGlvbmFyeQAIABEAGgAfACkAMgA3ADoAPwBBAFMAXABiAGkAcAB4AIMAhQCIAIoAjACPAJEAkwCdAKoArwC3ALkCRQJKAlMCXgJiAnACdwKAAqoCrwKyAAAAAAAAAgEAAAAAAAAAKAAAAAAAAAAAAAAAAAAAAr8=}}

@conference{agichtein2008finding,
	Author = {Agichtein, E. and Castillo, C. and Donato, D. and Gionis, A. and Mishne, G.},
	Booktitle = {Proceedings of the international conference on Web search and web data mining},
	Date-Added = {2011-01-23 19:46:08 +0100},
	Date-Modified = {2011-01-23 19:46:08 +0100},
	Organization = {ACM},
	Pages = {183--194},
	Title = {{Finding high-quality content in social media}},
	Year = {2008},
	Bdsk-File-1 = {YnBsaXN0MDDUAQIDBAUGCQpYJHZlcnNpb25UJHRvcFkkYXJjaGl2ZXJYJG9iamVjdHMSAAGGoNEHCFRyb290gAFfEA9OU0tleWVkQXJjaGl2ZXKoCwwXGBkdJCVVJG51bGzTDQ4PEBEUViRjbGFzc1dOUy5rZXlzWk5TLm9iamVjdHOAB6ISE4ACgAOiFRaABIAGWWFsaWFzRGF0YVxyZWxhdGl2ZVBhdGjSDRobHFdOUy5kYXRhgAVPEQE8AAAAAAE8AAIAAARNQUlOAAAAAAAAAAAAAAAAAAAAAAAAAAAAAADKEuL4SCsAAAAEr+4ScDE4My1hZ2ljaHRlaW4ucGRmAAAAAAAAAAAAAAAAAAAAAAAAAAAAAAAAAAAAAAAAAAAAAAAAAAAAAAAAAAAAAAS23ch8ytkAAAAAAAAAAAABAAIAAAkgAAAAAAAAAAAAAAAAAAAABGJpYnMAEAAIAADKEylIAAAAEQAIAADIfREpAAAAAQAEAASv7gACABxNQUlOOmJpYnM6cDE4My1hZ2ljaHRlaW4ucGRmAA4AJgASAHAAMQA4ADMALQBhAGcAaQBjAGgAdABlAGkAbgAuAHAAZABmAA8ACgAEAE0AQQBJAE4AEgAXYmlicy9wMTgzLWFnaWNodGVpbi5wZGYAABMAAS8A//8AANIeHyAhWCRjbGFzc2VzWiRjbGFzc25hbWWjISIjXU5TTXV0YWJsZURhdGFWTlNEYXRhWE5TT2JqZWN0XxAScDE4My1hZ2ljaHRlaW4ucGRm0h4fJieiJyNcTlNEaWN0aW9uYXJ5AAgAEQAaAB8AKQAyADcAOgA/AEEAUwBcAGIAaQBwAHgAgwCFAIgAigCMAI8AkQCTAJ0AqgCvALcAuQH5Af4CBwISAhYCJAIrAjQCSQJOAlEAAAAAAAACAQAAAAAAAAAoAAAAAAAAAAAAAAAAAAACXg==}}

@inproceedings{Li2010,
	Address = {Raleigh, North Carolina},
	Author = {Zhenhui Li and Ding Zhou and Yun-Fang Juan and Jiawei Han},
	Booktitle = {WWW 2010},
	Date-Added = {2011-01-23 19:46:08 +0100},
	Date-Modified = {2011-01-23 19:46:08 +0100},
	Number = {978-1-60558-799-8/10/04},
	Organization = {Association for Computing Machinery},
	Title = {Keyword Extraction for Social Snippets},
	Year = {2010},
	Bdsk-File-1 = {YnBsaXN0MDDUAQIDBAUGCQpYJHZlcnNpb25UJHRvcFkkYXJjaGl2ZXJYJG9iamVjdHMSAAGGoNEHCFRyb290gAFfEA9OU0tleWVkQXJjaGl2ZXKoCwwXGBkdJCVVJG51bGzTDQ4PEBEUViRjbGFzc1dOUy5rZXlzWk5TLm9iamVjdHOAB6ISE4ACgAOiFRaABIAGWWFsaWFzRGF0YVxyZWxhdGl2ZVBhdGjSDRobHFdOUy5kYXRhgAVPEQEkAAAAAAEkAAIAAARNQUlOAAAAAAAAAAAAAAAAAAAAAAAAAAAAAADKEuL4SCsAAAAEr+4McDExNDMtbGkucGRmAAAAAAAAAAAAAAAAAAAAAAAAAAAAAAAAAAAAAAAAAAAAAAAAAAAAAAAAAAAAAAAAAAAAAAS23Mh8ytkAAAAAAAAAAAABAAIAAAkgAAAAAAAAAAAAAAAAAAAABGJpYnMAEAAIAADKEylIAAAAEQAIAADIfREpAAAAAQAEAASv7gACABZNQUlOOmJpYnM6cDExNDMtbGkucGRmAA4AGgAMAHAAMQAxADQAMwAtAGwAaQAuAHAAZABmAA8ACgAEAE0AQQBJAE4AEgARYmlicy9wMTE0My1saS5wZGYAABMAAS8A//8AANIeHyAhWCRjbGFzc2VzWiRjbGFzc25hbWWjISIjXU5TTXV0YWJsZURhdGFWTlNEYXRhWE5TT2JqZWN0XHAxMTQzLWxpLnBkZtIeHyYnoicjXE5TRGljdGlvbmFyeQAIABEAGgAfACkAMgA3ADoAPwBBAFMAXABiAGkAcAB4AIMAhQCIAIoAjACPAJEAkwCdAKoArwC3ALkB4QHmAe8B+gH+AgwCEwIcAikCLgIxAAAAAAAAAgEAAAAAAAAAKAAAAAAAAAAAAAAAAAAAAj4=}}

@article{lenhart2009twitter,
	Author = {Lenhart, A. and Fox, A.},
	Date-Added = {2011-01-23 19:46:02 +0100},
	Date-Modified = {2011-01-23 19:46:02 +0100},
	Journal = {Pew Internet Project Data Memo. http://www. pewinternet. org (last check 2009-04-06)},
	Title = {{Twitter and status updating}},
	Year = {2009}}

@article{pang2008opinion,
	Author = {Pang, B. and Lee, L.},
	Date-Added = {2011-01-23 16:52:40 +0100},
	Date-Modified = {2011-01-23 16:52:40 +0100},
	Issn = {1554-0669},
	Journal = {Foundations and Trends in Information Retrieval},
	Number = {1-2},
	Pages = {1--135},
	Publisher = {Now Publishers Inc.},
	Title = {{Opinion mining and sentiment analysis}},
	Volume = {2},
	Year = {2008},
	Bdsk-File-1 = {YnBsaXN0MDDUAQIDBAUGCQpYJHZlcnNpb25UJHRvcFkkYXJjaGl2ZXJYJG9iamVjdHMSAAGGoNEHCFRyb290gAFfEA9OU0tleWVkQXJjaGl2ZXKoCwwXGBkdJCVVJG51bGzTDQ4PEBEUViRjbGFzc1dOUy5rZXlzWk5TLm9iamVjdHOAB6ISE4ACgAOiFRaABIAGWWFsaWFzRGF0YVxyZWxhdGl2ZVBhdGjSDRobHFdOUy5kYXRhgAVPEQFYAAAAAAFYAAIAAARNQUlOAAAAAAAAAAAAAAAAAAAAAAAAAAAAAADKEuL4SCsAAAAEr+4Zb21zYS1wdWJsaXNoZWRfQm9fTGVlLnBkZgAAAAAAAAAAAAAAAAAAAAAAAAAAAAAAAAAAAAAAAAAAAAAAAAAAAAS22Mlhq1AAAAAAAAAAAAABAAIAAAkgAAAAAAAAAAAAAAAAAAAABGJpYnMAEAAIAADKEylIAAAAEQAIAADJYf+wAAAAAQAEAASv7gACACNNQUlOOmJpYnM6b21zYS1wdWJsaXNoZWRfQm9fTGVlLnBkZgAADgA0ABkAbwBtAHMAYQAtAHAAdQBiAGwAaQBzAGgAZQBkAF8AQgBvAF8ATABlAGUALgBwAGQAZgAPAAoABABNAEEASQBOABIAHmJpYnMvb21zYS1wdWJsaXNoZWRfQm9fTGVlLnBkZgATAAEvAP//AADSHh8gIVgkY2xhc3Nlc1okY2xhc3NuYW1loyEiI11OU011dGFibGVEYXRhVk5TRGF0YVhOU09iamVjdF8QGW9tc2EtcHVibGlzaGVkX0JvX0xlZS5wZGbSHh8mJ6InI1xOU0RpY3Rpb25hcnkACAARABoAHwApADIANwA6AD8AQQBTAFwAYgBpAHAAeACDAIUAiACKAIwAjwCRAJMAnQCqAK8AtwC5AhUCGgIjAi4CMgJAAkcCUAJsAnECdAAAAAAAAAIBAAAAAAAAACgAAAAAAAAAAAAAAAAAAAKB}}

@article{van2008parsing,
	Author = {Van Atteveldt, W. and Kleinnijenhuis, J. and Ruigrok, N.},
	Date-Added = {2011-01-23 16:49:21 +0100},
	Date-Modified = {2011-01-23 16:49:21 +0100},
	Issn = {1047-1987},
	Journal = {Political Analysis},
	Publisher = {SPM-PMSAPSA},
	Title = {{Parsing, Semantic Networks, and Political Authority Using Syntactic Analysis to Extract Semantic Relations from Dutch Newspaper Articles}},
	Year = {2008},
	Bdsk-File-1 = {YnBsaXN0MDDUAQIDBAUGCQpYJHZlcnNpb25UJHRvcFkkYXJjaGl2ZXJYJG9iamVjdHMSAAGGoNEHCFRyb290gAFfEA9OU0tleWVkQXJjaGl2ZXKoCwwXGBkdJCVVJG51bGzTDQ4PEBEUViRjbGFzc1dOUy5rZXlzWk5TLm9iamVjdHOAB6ISE4ACgAOiFRaABIAGWWFsaWFzRGF0YVxyZWxhdGl2ZVBhdGjSDRobHFdOUy5kYXRhgAVPEQIkAAAAAAIkAAIAAARNQUlOAAAAAAAAAAAAAAAAAAAAAAAAAAAAAADKEuL4SCsAAAAEr+4fMjAwOCBwYSAtIHBhcnNpbmcgc2VtIzRCNDQwLnBkZgAAAAAAAAAAAAAAAAAAAAAAAAAAAAAAAAAAAAAAAAAAAAS0QMlhqiYAAAAAAAAAAAABAAIAAAkgAAAAAAAAAAAAAAAAAAAABGJpYnMAEAAIAADKEylIAAAAEQAIAADJYf6GAAAAAQAEAASv7gACAClNQUlOOmJpYnM6MjAwOCBwYSAtIHBhcnNpbmcgc2VtIzRCNDQwLnBkZgAADgC4AFsAMgAwADAAOAAgAHAAYQAgAC0AIABwAGEAcgBzAGkAbgBnACAAcwBlAG0AYQBuAHQAaQBjACAAbgBlAHQAdwBvAHIAawBzACAALQAgAFYAYQBuACAAQQB0AHQAZQB2AGUAbABkAHQAIABLAGwAZQBpAG4AbgBpAGoAZQBuAGgAdQBpAHMAIABSAHUAaQBnAHIAbwBrAF8AdABjAG0AMwAwAC0AMQAwADgANQAzADIALgBwAGQAZgAPAAoABABNAEEASQBOABIAYGJpYnMvMjAwOCBwYSAtIHBhcnNpbmcgc2VtYW50aWMgbmV0d29ya3MgLSBWYW4gQXR0ZXZlbGR0IEtsZWlubmlqZW5odWlzIFJ1aWdyb2tfdGNtMzAtMTA4NTMyLnBkZgATAAEvAP//AADSHh8gIVgkY2xhc3Nlc1okY2xhc3NuYW1loyEiI11OU011dGFibGVEYXRhVk5TRGF0YVhOU09iamVjdF8QWzIwMDggcGEgLSBwYXJzaW5nIHNlbWFudGljIG5ldHdvcmtzIC0gVmFuIEF0dGV2ZWxkdCBLbGVpbm5pamVuaHVpcyBSdWlncm9rX3RjbTMwLTEwODUzMi5wZGbSHh8mJ6InI1xOU0RpY3Rpb25hcnkACAARABoAHwApADIANwA6AD8AQQBTAFwAYgBpAHAAeACDAIUAiACKAIwAjwCRAJMAnQCqAK8AtwC5AuEC5gLvAvoC/gMMAxMDHAN6A38DggAAAAAAAAIBAAAAAAAAACgAAAAAAAAAAAAAAAAAAAOP}}

@article{van2008good,
	Author = {van Atteveldt, W. and Kleinnijenhuis, J. and Ruigrok, N. and Schlobach, S.},
	Date-Added = {2011-01-23 16:48:59 +0100},
	Date-Modified = {2011-01-23 16:48:59 +0100},
	Issn = {1933-1681},
	Journal = {Journal of Information Technology \& Politics},
	Number = {1},
	Pages = {73--94},
	Publisher = {Routledge},
	Title = {{Good News or Bad News? Conducting sentiment analysis on Dutch text to distinguish between positive and negative relations}},
	Volume = {5},
	Year = {2008}}

@article{yu2008classifying,
	Author = {Yu, B. and Kaufmann, S. and Diermeier, D.},
	Date-Added = {2011-01-23 16:48:11 +0100},
	Date-Modified = {2011-01-23 16:48:11 +0100},
	Issn = {1933-1681},
	Journal = {Journal of Information Technology \& Politics},
	Number = {1},
	Pages = {33--48},
	Publisher = {Routledge},
	Title = {{Classifying party affiliation from political speech}},
	Volume = {5},
	Year = {2008},
	Bdsk-File-1 = {YnBsaXN0MDDUAQIDBAUGCQpYJHZlcnNpb25UJHRvcFkkYXJjaGl2ZXJYJG9iamVjdHMSAAGGoNEHCFRyb290gAFfEA9OU0tleWVkQXJjaGl2ZXKoCwwXGBkdJCVVJG51bGzTDQ4PEBEUViRjbGFzc1dOUy5rZXlzWk5TLm9iamVjdHOAB6ISE4ACgAOiFRaABIAGWWFsaWFzRGF0YVxyZWxhdGl2ZVBhdGjSDRobHFdOUy5kYXRhgAVPEQFEAAAAAAFEAAIAAARNQUlOAAAAAAAAAAAAAAAAAAAAAAAAAAAAAADKEuL4SCsAAAAEr+4USklUUF9DbGFzc2lmaWVycy5wZGYAAAAAAAAAAAAAAAAAAAAAAAAAAAAAAAAAAAAAAAAAAAAAAAAAAAAAAAAAAAS2FMlhqNEAAAAAAAAAAAABAAIAAAkgAAAAAAAAAAAAAAAAAAAABGJpYnMAEAAIAADKEylIAAAAEQAIAADJYf0xAAAAAQAEAASv7gACAB5NQUlOOmJpYnM6SklUUF9DbGFzc2lmaWVycy5wZGYADgAqABQASgBJAFQAUABfAEMAbABhAHMAcwBpAGYAaQBlAHIAcwAuAHAAZABmAA8ACgAEAE0AQQBJAE4AEgAZYmlicy9KSVRQX0NsYXNzaWZpZXJzLnBkZgAAEwABLwD//wAA0h4fICFYJGNsYXNzZXNaJGNsYXNzbmFtZaMhIiNdTlNNdXRhYmxlRGF0YVZOU0RhdGFYTlNPYmplY3RfEBRKSVRQX0NsYXNzaWZpZXJzLnBkZtIeHyYnoicjXE5TRGljdGlvbmFyeQAIABEAGgAfACkAMgA3ADoAPwBBAFMAXABiAGkAcAB4AIMAhQCIAIoAjACPAJEAkwCdAKoArwC3ALkCAQIGAg8CGgIeAiwCMwI8AlMCWAJbAAAAAAAAAgEAAAAAAAAAKAAAAAAAAAAAAAAAAAAAAmg=}}

@inproceedings{velikovich2010,
	Author = {Leonid Velikovich and Sasha Blair-Goldensohn and Kerry Hannan and Ryan McDonald},
	Booktitle = {Human Language Technologies: The 2010 Annual Conference of the North American Chapter of the ACL},
	Date-Added = {2011-01-23 15:42:32 +0100},
	Date-Modified = {2011-01-23 15:45:51 +0100},
	Institution = {Google, Inc.},
	Organization = {Association for Computational Languages},
	Pages = {777-785},
	Title = {The viability of web-derived polarity lexicons},
	Year = {2010},
	Bdsk-File-1 = {YnBsaXN0MDDUAQIDBAUGCQpYJHZlcnNpb25UJHRvcFkkYXJjaGl2ZXJYJG9iamVjdHMSAAGGoNEHCFRyb290gAFfEA9OU0tleWVkQXJjaGl2ZXKoCwwXGBkdJCVVJG51bGzTDQ4PEBEUViRjbGFzc1dOUy5rZXlzWk5TLm9iamVjdHOAB6ISE4ACgAOiFRaABIAGWWFsaWFzRGF0YVxyZWxhdGl2ZVBhdGjSDRobHFdOUy5kYXRhgAVPEQEkAAAAAAEkAAIAAARNQUlOAAAAAAAAAAAAAAAAAAAAAAAAAAAAAADKEuL4SCsAAAAEr+4MTjEwLTExMTkucGRmAAAAAAAAAAAAAAAAAAAAAAAAAAAAAAAAAAAAAAAAAAAAAAAAAAAAAAAAAAAAAAAAAAAAAAS2tMjSXm0AAAAAAAAAAAABAAIAAAkgAAAAAAAAAAAAAAAAAAAABGJpYnMAEAAIAADKEylIAAAAEQAIAADI0qS9AAAAAQAEAASv7gACABZNQUlOOmJpYnM6TjEwLTExMTkucGRmAA4AGgAMAE4AMQAwAC0AMQAxADEAOQAuAHAAZABmAA8ACgAEAE0AQQBJAE4AEgARYmlicy9OMTAtMTExOS5wZGYAABMAAS8A//8AANIeHyAhWCRjbGFzc2VzWiRjbGFzc25hbWWjISIjXU5TTXV0YWJsZURhdGFWTlNEYXRhWE5TT2JqZWN0XE4xMC0xMTE5LnBkZtIeHyYnoicjXE5TRGljdGlvbmFyeQAIABEAGgAfACkAMgA3ADoAPwBBAFMAXABiAGkAcAB4AIMAhQCIAIoAjACPAJEAkwCdAKoArwC3ALkB4QHmAe8B+gH+AgwCEwIcAikCLgIxAAAAAAAAAgEAAAAAAAAAKAAAAAAAAAAAAAAAAAAAAj4=}}

@techreport{polley2010,
	Address = {Berkeley, CA},
	Author = {Eric C. Polley and Mark J. van der Laan},
	Date-Added = {2011-01-23 13:06:55 +0100},
	Date-Modified = {2011-01-23 13:40:37 +0100},
	Institution = {Divison of Biostatistics, University of California Berkeley},
	Title = {SuperLearner},
	Type = {Working Paper},
	Year = {2010}}

@conference{o2010tweets,
	Author = {O'Connor, B. and Balasubramanyan, R. and Routledge, B.R. and Smith, N.A.},
	Booktitle = {Proceedings of the International AAAI Conference on Weblogs and Social Media},
	Date-Added = {2011-01-22 17:10:22 +0100},
	Date-Modified = {2011-01-22 17:10:22 +0100},
	Pages = {122--129},
	Title = {{From Tweets to polls: Linking text sentiment to public opinion time series}},
	Year = {2010},
	Bdsk-File-1 = {YnBsaXN0MDDUAQIDBAUGCQpYJHZlcnNpb25UJHRvcFkkYXJjaGl2ZXJYJG9iamVjdHMSAAGGoNEHCFRyb290gAFfEA9OU0tleWVkQXJjaGl2ZXKoCwwXGBkdJCVVJG51bGzTDQ4PEBEUViRjbGFzc1dOUy5rZXlzWk5TLm9iamVjdHOAB6ISE4ACgAOiFRaABIAGWWFsaWFzRGF0YVxyZWxhdGl2ZVBhdGjSDRobHFdOUy5kYXRhgAVPEQHiAAAAAAHiAAIAAARNQUlOAAAAAAAAAAAAAAAAAAAAAAAAAAAAAADKEuL4SCsAAAAEr+4fb2Nvbm5vcl9iYWxhc3VicmFtYW55IzRCNkNELnBkZgAAAAAAAAAAAAAAAAAAAAAAAAAAAAAAAAAAAAAAAAAAAAS2zcjSXK0AAAAAAAAAAAABAAIAAAkgAAAAAAAAAAAAAAAAAAAABGJpYnMAEAAIAADKEylIAAAAEQAIAADI0qL9AAAAAQAEAASv7gACAClNQUlOOmJpYnM6b2Nvbm5vcl9iYWxhc3VicmFtYW55IzRCNkNELnBkZgAADgCMAEUAbwBjAG8AbgBuAG8AcgBfAGIAYQBsAGEAcwB1AGIAcgBhAG0AYQBuAHkAYQBuAF8AcgBvAHUAdABsAGUAZABnAGUAXwBzAG0AaQB0AGgALgBpAGMAdwBzAG0AMgAwADEAMAAuAHQAdwBlAGUAdABzAF8AdABvAF8AcABvAGwAbABzAC4AcABkAGYADwAKAAQATQBBAEkATgASAEpiaWJzL29jb25ub3JfYmFsYXN1YnJhbWFueWFuX3JvdXRsZWRnZV9zbWl0aC5pY3dzbTIwMTAudHdlZXRzX3RvX3BvbGxzLnBkZgATAAEvAP//AADSHh8gIVgkY2xhc3Nlc1okY2xhc3NuYW1loyEiI11OU011dGFibGVEYXRhVk5TRGF0YVhOU09iamVjdF8QRW9jb25ub3JfYmFsYXN1YnJhbWFueWFuX3JvdXRsZWRnZV9zbWl0aC5pY3dzbTIwMTAudHdlZXRzX3RvX3BvbGxzLnBkZtIeHyYnoicjXE5TRGljdGlvbmFyeQAIABEAGgAfACkAMgA3ADoAPwBBAFMAXABiAGkAcAB4AIMAhQCIAIoAjACPAJEAkwCdAKoArwC3ALkCnwKkAq0CuAK8AsoC0QLaAyIDJwMqAAAAAAAAAgEAAAAAAAAAKAAAAAAAAAAAAAAAAAAAAzc=}}

@article{tweetminster2010,
	Author = {Tweetminster},
	Date-Added = {2011-01-22 16:59:27 +0100},
	Date-Modified = {2011-01-22 17:00:38 +0100},
	Journal = {tweetminister.co.uk},
	Title = {Is word of mouth correlated to General Election results? The results are in.},
	Volume = {12 May 2010},
	Year = {2010}}

@conference{sakaki2010earthquake,
	Author = {Sakaki, T. and Okazaki, M. and Matsuo, Y.},
	Booktitle = {Proceedings of the 19th international conference on World wide web},
	Date-Added = {2011-01-22 16:44:25 +0100},
	Date-Modified = {2011-01-22 16:44:25 +0100},
	Organization = {ACM},
	Pages = {851--860},
	Title = {{Earthquake shakes Twitter users: real-time event detection by social sensors}},
	Year = {2010}}

@article{asur2010predicting,
	Author = {Asur, S. and Huberman, B.A.},
	Date-Added = {2011-01-22 16:42:26 +0100},
	Date-Modified = {2011-01-22 16:42:26 +0100},
	Journal = {Arxiv preprint arXiv:1003.5699},
	Title = {{Predicting the future with social media}},
	Year = {2010},
	Bdsk-File-1 = {YnBsaXN0MDDUAQIDBAUGCQpYJHZlcnNpb25UJHRvcFkkYXJjaGl2ZXJYJG9iamVjdHMSAAGGoNEHCFRyb290gAFfEA9OU0tleWVkQXJjaGl2ZXKoCwwXGBkdJCVVJG51bGzTDQ4PEBEUViRjbGFzc1dOUy5rZXlzWk5TLm9iamVjdHOAB6ISE4ACgAOiFRaABIAGWWFsaWFzRGF0YVxyZWxhdGl2ZVBhdGjSDRobHFdOUy5kYXRhgAVPEQEoAAAAAAEoAAIAAARNQUlOAAAAAAAAAAAAAAAAAAAAAAAAAAAAAADKEuL4SCsAAAAEr+4NMTAwMy01Njk5LnBkZgAAAAAAAAAAAAAAAAAAAAAAAAAAAAAAAAAAAAAAAAAAAAAAAAAAAAAAAAAAAAAAAAAAAAS0MslgVxUAAAAAAAAAAAABAAIAAAkgAAAAAAAAAAAAAAAAAAAABGJpYnMAEAAIAADKEylIAAAAEQAIAADJYKt1AAAAAQAEAASv7gACABdNQUlOOmJpYnM6MTAwMy01Njk5LnBkZgAADgAcAA0AMQAwADAAMwAtADUANgA5ADkALgBwAGQAZgAPAAoABABNAEEASQBOABIAEmJpYnMvMTAwMy01Njk5LnBkZgATAAEvAP//AADSHh8gIVgkY2xhc3Nlc1okY2xhc3NuYW1loyEiI11OU011dGFibGVEYXRhVk5TRGF0YVhOU09iamVjdF0xMDAzLTU2OTkucGRm0h4fJieiJyNcTlNEaWN0aW9uYXJ5AAgAEQAaAB8AKQAyADcAOgA/AEEAUwBcAGIAaQBwAHgAgwCFAIgAigCMAI8AkQCTAJ0AqgCvALcAuQHlAeoB8wH+AgICEAIXAiACLgIzAjYAAAAAAAACAQAAAAAAAAAoAAAAAAAAAAAAAAAAAAACQw==}}

@article{tumasjan2010election,
	Author = {Tumasjan, A. and Sprenger, T.O. and Sandner, P.G. and Welpe, I.M.},
	Date-Added = {2011-01-22 16:26:18 +0100},
	Date-Modified = {2011-01-22 16:26:18 +0100},
	Issn = {0894-4393},
	Journal = {Social Science Computer Review},
	Publisher = {SAGE Publications},
	Title = {{Election Forecasts With Twitter: How 140 Characters Reflect the Political Landscape}},
	Year = {2010},
	Bdsk-File-1 = {YnBsaXN0MDDUAQIDBAUGCQpYJHZlcnNpb25UJHRvcFkkYXJjaGl2ZXJYJG9iamVjdHMSAAGGoNEHCFRyb290gAFfEA9OU0tleWVkQXJjaGl2ZXKoCwwXGBkdJCVVJG51bGzTDQ4PEBEUViRjbGFzc1dOUy5rZXlzWk5TLm9iamVjdHOAB6ISE4ACgAOiFRaABIAGWWFsaWFzRGF0YVxyZWxhdGl2ZVBhdGjSDRobHFdOUy5kYXRhgAVPEQHWAAAAAAHWAAIAAARNQUlOAAAAAAAAAAAAAAAAAAAAAAAAAAAAAADKEuL4SCsAAAAEr+4fU29jaWFsIFNjaWVuY2UgQ29tcHV0IzRCNzYxLnBkZgAAAAAAAAAAAAAAAAAAAAAAAAAAAAAAAAAAAAAAAAAAAAS3YclgUx8AAAAAAAAAAAABAAIAAAkgAAAAAAAAAAAAAAAAAAAABGJpYnMAEAAIAADKEylIAAAAEQAIAADJYKd/AAAAAQAEAASv7gACAClNQUlOOmJpYnM6U29jaWFsIFNjaWVuY2UgQ29tcHV0IzRCNzYxLnBkZgAADgCEAEEAUwBvAGMAaQBhAGwAIABTAGMAaQBlAG4AYwBlACAAQwBvAG0AcAB1AHQAZQByACAAUgBlAHYAaQBlAHcALQAyADAAMQAwAC0AVAB1AG0AYQBzAGoAYQBuAC0AMAA4ADkANAA0ADMAOQAzADEAMAAzADgANgA1ADUANwAuAHAAZABmAA8ACgAEAE0AQQBJAE4AEgBGYmlicy9Tb2NpYWwgU2NpZW5jZSBDb21wdXRlciBSZXZpZXctMjAxMC1UdW1hc2phbi0wODk0NDM5MzEwMzg2NTU3LnBkZgATAAEvAP//AADSHh8gIVgkY2xhc3Nlc1okY2xhc3NuYW1loyEiI11OU011dGFibGVEYXRhVk5TRGF0YVhOU09iamVjdF8QQVNvY2lhbCBTY2llbmNlIENvbXB1dGVyIFJldmlldy0yMDEwLVR1bWFzamFuLTA4OTQ0MzkzMTAzODY1NTcucGRm0h4fJieiJyNcTlNEaWN0aW9uYXJ5AAgAEQAaAB8AKQAyADcAOgA/AEEAUwBcAGIAaQBwAHgAgwCFAIgAigCMAI8AkQCTAJ0AqgCvALcAuQKTApgCoQKsArACvgLFAs4DEgMXAxoAAAAAAAACAQAAAAAAAAAoAAAAAAAAAAAAAAAAAAADJw==}}

@article{gayo2012wanted,
  title={{I wanted to predict elections with twitter and all I got was this lousy paper: a balanced survey on election prediction using twitter data}},
  author={Gayo-Avello, Daniel},
  journal={arXiv preprint arXiv:1204.6441},
  year=2012,
  publisher={eprint}
}

@article{bermingham2011using,
  title={On Using Twitter to Monitor Political Sentiment and Predict Election Results},
  author={Bermingham, Adam and Smeaton, Alan F},
  journal={Sentiment Analysis where AI meets Psychology (SAAIP)},
  pages={2},
  year={2011}
}

@article{scikit-learn,
 title={Scikit-learn: Machine Learning in {P}ython},
 author={Pedregosa, F. and Varoquaux, G. and Gramfort, A. and Michel, V.
         and Thirion, B. and Grisel, O. and Blondel, M. and Prettenhofer, P.
         and Weiss, R. and Dubourg, V. and Vanderplas, J. and Passos, A. and
         Cournapeau, D. and Brucher, M. and Perrot, M. and Duchesnay, E.},
 journal={Journal of Machine Learning Research},
 volume={12},
 pages={2825--2830},
 year={2011}
}

@misc{sustein2001republic,
  title={Republic.com},
  author={Sustein, Cass},
  year={2001},
  publisher={USA, Princeton University Press}
}

@article{kahn1993incumbency,
  title={Incumbency and the news media in US Senate elections: An experimental investigation},
  author={Kahn, Kim Fridkin},
  journal={Political Research Quarterly},
  volume={46},
  number={4},
  pages={715--740},
  year={1993},
  publisher={Sage Publications}
}

@article{schaffner2006local,
  title={Local news coverage and the incumbency advantage in the US House},
  author={Schaffner, Brian F},
  journal={Legislative Studies Quarterly},
  volume={31},
  number={4},
  pages={491--511},
  year={2006},
  publisher={Wiley Online Library}
}

@inproceedings{golbeck2011computing,
  title={Computing political preference among twitter followers},
  author={Golbeck, Jennifer and Hansen, Derek},
  booktitle={Proceedings of the 2011 annual conference on Human factors in computing systems},
  pages={1105--1108},
  year={2011},
  organization={ACM}
}

@article{harden2009,
title={Twitter craze brings US politicians closer to constituents},
author={Harnden, Thomas},
year={2009},
journal={The Telegraph}
}

@article{economist2009,
title={Tweeting the people},
journal={The Economist},
author={The Economist},
year={2009}
}

@book{pew2012,
title={Trends in American Values 1987-2012: Partisan polarization surges in Bush, Obama years},
publisher={The Pew Research Center for People \& the Press},
year={2012},
author={Pew},
address={Washington, D.C.}
}

@article{blondel2008fast,
  title={Fast unfolding of communities in large networks},
  author={Blondel, Vincent D and Guillaume, Jean-Loup and Lambiotte, Renaud and Lefebvre, Etienne},
  journal={Journal of Statistical Mechanics: Theory and Experiment},
  volume={2008},
  number={10},
  pages={P10008},
  year={2008},
  publisher={IOP Publishing}
}

@techreport{digrazia2013,
author={DiGrazia, Josepha and McKelvey, Karissa and Bollen, Johan and Rojas, Fabio},
title={More Tweets, More Votes: Social Media as a Quantitative Indicator of Political Behavior},
institution={Indiana University},
type={Working paper},
year={2013}
}

@inproceedings{sang2012predicting,
  title={Predicting the 2011 dutch senate election results with twitter},
  author={Sang, Erik Tjong Kim and Bos, Johan},
  booktitle={Proceedings of the Workshop on Semantic Analysis in Social Media},
  pages={53--60},
  year={2012},
  organization={Association for Computational Linguistics}
}

@inproceedings{al2012homophily,
  title={Homophily and latent attribute inference: Inferring latent attributes of twitter users from neighbors},
  author={Al Zamal, Faiyaz and Liu, Wendy and Ruths, Derek},
  booktitle={Proceedings of the International Conference on Weblogs and Social Media},
  year={2012}
}

@inproceedings{mislove2011understanding,
  title={Understanding the demographics of twitter users},
  author={Mislove, Alan and Lehmann, Sune and Ahn, Yong-Yeol and Onnela, Jukka-Pekka and Rosenquist, J Niels},
  booktitle={Proceedings of the Fifth International AAAI Conference on Weblogs and Social Media (ICWSM’11), Barcelona, Spain},
  year={2011}
}
@inproceedings{gayo2011limits,
  title={Limits of electoral predictions using twitter},
  author={Gayo-Avello, Daniel and Metaxas, Panagiotis T and Mustafaraj, Eni},
  booktitle={Proceedings of the International Conference on Weblogs and Social Media (ICWSM) 2011, July 17},
  volume={21},
  pages={2011},
  year={2011}
}

@article{gwi2013,
author={Smith, Tom},
title={Twitter Now The Fastest Growing Social Platform In The World},
journal={Global Web Index},
year={2013},
volume={28 January},
url={https://www.globalwebindex.net/twitter-now-the-fastest-growing-social-platform-in-the-world/}}

@article{thenextweb2013,
author={Yeung, Ken},
title={Twitter's {Costolo} says that user growth is its focus now},
journal={The Next Web},
volume={25 March},
year={2013},
url={http://thenextweb.com/twitter/2013/03/25/twitters-costolo-says-that-user-growth-is-its-focus-now/}
}


@article{choi2012predicting,
  title={Predicting the present with google trends},
  author={Choi, Hyunyoung and Varian, Hal},
  journal={Economic Record},
  volume={88},
  number={s1},
  pages={2--9},
  year={2012},
  publisher={Wiley Online Library}
}

@article{butler2013google,
  title={When Google got flu wrong.},
  author={Butler, Declan},
  journal={Nature},
  volume={494},
  number={7436},
  pages={155},
  year={2013}
}

@inproceedings{metaxas2011not,
  title={How (not) to predict elections},
  author={Metaxas, Panagiotis Takis and Mustafaraj, Eni and Gayo-Avello, Daniel},
  booktitle={2011 IEEE third international conference on social computing (SocialCom)},
  pages={165--171},
  year={2011},
  organization={IEEE}
}

@article{jungherr2012pirate,
  title={{Why the {Pirate Party} won the {German} election of 2009 or the trouble with predictions: A response to Tumasjan, A., Sprenger, T.O., Sander, P.G., \& Welpe, I.M. ``Predicting Elections with Twitter: What 140 characters reveal about political sentiment''}},
  author={Jungherr, Andreas and J{\"u}rgens, Pascal and Schoen, Harald},
  journal={Social Science Computer Review},
  volume=30,
  number=2,
  pages={229--234},
  year=2012,
  publisher={Sage Publications}
}

@inproceedings{chung2011can,
  title={Can collective sentiment expressed on twitter predict political elections?},
  author={Chung, Jessica Elan and Mustafaraj, Eni},
  booktitle={Proceedings of the Twenty-Fifth AAAI Conference on Artificial Intelligence},
  year={2011}
}

@article{caughey2011elections,
  title={Elections and the regression discontinuity design: Lessons from close {US House} races, 1942--2008},
  author={Caughey, Devin and Sekhon, Jasjeet S},
  journal={Political Analysis},
  volume={19},
  number={4},
  pages={385--408},
  year={2011},
  publisher={SPM-PMSAPSA}
}

@article{eggers2013validity,
  title={On the Validity of the Regression Discontinuity Design for Estimating Electoral Effects: New Evidence from Over 40,000 Close Races},
  author={Eggers, Andrew and Folke, Olle and Fowler, Anthony and Hainmueller, Jens and Hall, Andrew and Snyder, James},
  journal={Available at SSRN 2265625},
  year={2013}
}

@inproceedings{wilson2005opinionfinder,
  title={OpinionFinder: A system for subjectivity analysis},
  author={Wilson, Theresa and Hoffmann, Paul and Somasundaran, Swapna and Kessler, Jason and Wiebe, Janyce and Choi, Yejin and Cardie, Claire and Riloff, Ellen and Patwardhan, Siddharth},
  booktitle={Proceedings of HLT/EMNLP on Interactive Demonstrations},
  pages={34--35},
  year={2005},
  organization={Association for Computational Linguistics}
}

@article{morstatter2013sample,
  title={Is the sample good enough? comparing data from twitter’s streaming api with twitter’s firehose},
  author={Morstatter, Fred and Pfeffer, Jurgen and Liu, Huan and Carley, Kathleen M},
  journal={Proceedings of ICWSM},
  year={2013}
}
